@article{tottman1987,
	title = {The decimal code for the growth stages of cereals, with illustrations},
	author = {Tottman, D. R.},
	year = {1987},
	month = {04},
	date = {1987-04},
	journal = {Annals of Applied Biology},
	pages = {441--454},
	volume = {110},
	number = {2},
	doi = {10.1111/j.1744-7348.1987.tb03275.x},
	url = {https://onlinelibrary.wiley.com/doi/10.1111/j.1744-7348.1987.tb03275.x},
	langid = {en}
}

@article{munger2001phenological,
	title = {Phenological growth stages and BBCH-identification keys of the soybean (Glycine max L. Merr.)},
	author = {Munger, P and Bleihilder, H and Hack, H and Hess, M and Stauss, R and Van Den Boom, T and Weber, E},
	year = {2001},
	date = {2001},
	journal = {Growth stages of mono and dicotyledonous plants, BBCH Monograph, Federal Biological Research Centre for Agriculture and Forestry},
	note = {Citation Key: munger2001phenological}
}

@article{zadoks1974,
	title = {A decimal code for the growth stages of cereals},
	author = {Zadoks, J. C. and Chang, T. T. and Konzak, C. F.},
	year = {1974},
	month = {12},
	date = {1974-12},
	journal = {Weed Research},
	pages = {415--421},
	volume = {14},
	number = {6},
	doi = {10.1111/j.1365-3180.1974.tb01084.x},
	url = {https://onlinelibrary.wiley.com/doi/10.1111/j.1365-3180.1974.tb01084.x},
	langid = {en}
}

@book{stubbs1986cereal,
  title={Cereal disease methodology manual},
  author={Stubbs, RW and Prescott, JM and Saari, EE and Dubin, HJ},
  volume={46},
  year={1986},
  publisher={Cimmyt Mexico}
}

@book{stakman1962identification,
  title={Identification of physiologic races of Puccinia graminis var. tritici},
  author={Stakman, Elvin Charles and Stewart, DM and Loegering, William Quenn and others},
  year={1962},
  publisher={USDA Washington}
}

@article{peterson1948diagrammatic,
  title={A diagrammatic scale for estimating rust intensity on leaves and stems of cereals},
  author={Peterson, Rudolph Frederick and Campbell, AB and Hannah, AE},
  journal={Canadian journal of research},
  volume={26},
  number={5},
  pages={496--500},
  year={1948},
  publisher={NRC Research Press Ottawa, Canada}
}