@book{griffiths2015introduction,
  title={An introduction to genetic analysis},
  author={Griffiths, Anthony JF and Wessler, Susan R and Carroll, Sean B and John, Doebley and others},
  year={2015},
  publisher={Macmillan}
}

@book{singh2018fundamentals,
  title={Fundamentals of Genetics},
  author={Singh, BD},
  year={2018},
  publisher={Kalyani Publishers}
}

@book{brown2014plantbreeding,
  title={Plant Breeding},
  author={Brown, Jack and Caligari, Peter and Campos, Hugo},
  year={2014},
  publisher={Wiley Blackwell}
}
