@article{baker1978issues,
  title={Issues in diallel analysis},
  author={Baker, RJ},
  journal={Crop science},
  volume={18},
  number={4},
  pages={533--536},
  year={1978},
  publisher={Crop Science Society of America}
}

@article{holland2003estimating,
  title={Estimating and interpreting heritability for plant breeding: an update},
  author={Holland, James B and Nyquist, Wyman E and Cervantes-Mart{\'\i}nez, Cuauhtemoc T},
  journal={Plant breeding reviews},
  volume={22},
  pages={9--112},
  year={2003}
}

@article{hallauer1988quantitative,
  title={Quantitative genetics in plant breeding},
  author={Hallauer, AR and Miranda Fo, JB},
  journal={Iowa State},
  year={1988}
}

@book{white2007forest,
  title={Forest genetics},
  author={White, Timothy L and Adams, W Thomas and Neale, David B},
  year={2007},
  publisher={Cabi}
}

@article{sprague1942general,
  title={General vs. Specific Combining Ability in Single Crosses of Corn 1},
  author={Sprague, George F and Tatum, Loyd A},
  journal={Agronomy Journal},
  volume={34},
  number={10},
  pages={923--932},
  year={1942},
  publisher={American Society of Agronomy}
}

@article{strickberger1990genetics,
  title={Genetics. Macmillan Publishing Co},
  author={Strickberger, Monroe W},
  journal={New York, USA},
  volume={842},
  year={1990}
}

@book{brown2014plantbreeding,
  title={Plant Breeding},
  author={Brown, Jack and Caligari, Peter and Campos, Hugo},
  year={2014},
  publisher={Wiley Blackwell}
}

@book{acquaah2009principles,
  title={Principles of plant genetics and breeding},
  author={Acquaah, George},
  year={2009},
  publisher={John Wiley \& Sons}
}

@book{griffiths2015introduction,
  title={An introduction to genetic analysis},
  author={Griffiths, Anthony JF and Wessler, Susan R and Lewontin, Richard C and Gelbart, William M and Suzuki, David T and Miller, Jeffrey H and others},
  year={2015},
  publisher={W.H.Freeman}
}

@book{poehlman1987breeding,
  title={Breeding field crops},
  author={Poehlman, John M},
  year={1987},
  publisher={Springer Science \& Business Media}
}

@book{kingsbury2009hybrid,
  title={Hybrid: the history and science of plant breeding},
  author={Kingsbury, Noel},
  year={2009},
  publisher={University of Chicago Press}
}

@book{brown2014plant,
  title={Plant breeding},
  author={Brown, Jack Caligari, Peter and Campos, Hugo A.},
  year={2014},
  publisher={Wiley Blackwell}
}

@book{hayward2012plant,
  title={Plant breeding: principles and prospects},
  author={Hayward, Michael D and Bosemark, Nils Ol{\"o}f and Romagosa, T},
  year={2012},
  publisher={Springer Science \& Business Media}
}

@book{kingsbury2009hybrid,
  title={Hybrid: the history and science of plant breeding},
  author={Kingsbury, Noel},
  year={2009},
  publisher={University of Chicago Press}
}

@book{brown2014plant,
  title={Plant breeding},
  author={Brown, Jack Caligari, Peter and Campos, Hugo A.},
  year={2014},
  publisher={Wiley Blackwell}
}

@book{hayward2012plant,
  title={Plant breeding: principles and prospects},
  author={Hayward, Michael D and Bosemark, Nils Ol{\"o}f and Romagosa, T},
  year={2012},
  publisher={Springer Science \& Business Media}
}

@article{prasanna2012diversity,
  title={Diversity in global maize germplasm: characterization and utilization},
  author={Prasanna, BM},
  journal={Journal of biosciences},
  volume={37},
  number={5},
  pages={843--855},
  year={2012},
  publisher={Springer}
}

@misc{carena2009cereals,
  title={Cereals, Hand Book of Plant Breeding},
  author={Carena, Marcelo J and Hallauer, AR},
  year={2009},
  publisher={Springer International. New York}
}

@article{vanniarajan2012molecular,
  title={Molecular evaluation of genetic diversity and association studies in rice (Oryza sativa L.)},
  author={Vanniarajan, C and Vinod, KK and Pereira, Andy},
  journal={Journal of Genetics},
  volume={91},
  number={1},
  pages={9--19},
  year={2012},
  publisher={Springer}
}

@article{garris2005genetic,
  title={Genetic structure and diversity in Oryza sativa L.},
  author={Garris, Amanda J and Tai, Thomas H and Coburn, Jason and Kresovich, Steve and McCouch, Susan},
  journal={Genetics},
  volume={169},
  number={3},
  pages={1631--1638},
  year={2005},
  publisher={Oxford University Press}
}

@book{virmani2003two,
  title={Two-line hybrid rice breeding manual},
  author={Virmani, Sant S},
  year={2003},
  publisher={Int. Rice Res. Inst.}
}

@book{virmani1994heterosis,
  title={Heterosis and hybrid rice breeding},
  author={Virmani, Sant Singh},
  volume={22},
  year={2012},
  publisher={Springer Science \& Business Media}
}

@article{gepts2010crop,
  title={Crop domestication as a long-term selection experiment},
  author={Gepts, Paul},
  journal={Plant breeding reviews},
  volume={24},
  number={2},
  pages={1--44},
  year={2010},
  publisher={Wiley-Blackwell}
}

@article{yang2022tissue,
  title={Tissue-specific transcriptomics reveal functional differences in floral development},
  author={Yang, Hailong and Nukunya, Kate and Ding, Queying and Thompson, Beth E},
  journal={Plant Physiology},
  volume={188},
  number={2},
  pages={1158--1173},
  year={2022},
  publisher={Oxford University Press}
}