@book{griffiths2015introduction,
  title={An introduction to genetic analysis},
  author={Griffiths, Anthony JF and Wessler, Susan R and Carroll, Sean B and John, Doebley and others},
  year={2015},
  publisher={Macmillan}
}

@book{janick2008plant,
  title={Plant breeding reviews},
  author={Janick, Jules},
  volume={4},
  year={1986},
  publisher={John Wiley \& Sons}
}
