@book{griffiths2015introduction,
  title={An introduction to genetic analysis},
  author={Griffiths, Anthony JF and Wessler, Susan R and Carroll, Sean B and John, Doebley and others},
  year={2015},
  publisher={Macmillan}
}
