@article{baker1978issues,
  title={Issues in diallel analysis},
  author={Baker, RJ},
  journal={Crop science},
  volume={18},
  number={4},
  pages={533--536},
  year={1978},
  publisher={Crop Science Society of America}
}

@article{holland2003estimating,
  title={Estimating and interpreting heritability for plant breeding: an update},
  author={Holland, James B and Nyquist, Wyman E and Cervantes-Mart{\'\i}nez, Cuauhtemoc T},
  journal={Plant breeding reviews},
  volume={22},
  pages={9--112},
  year={2003}
}

@article{hallauer1988quantitative,
  title={Quantitative genetics in plant breeding},
  author={Hallauer, AR and Miranda Fo, JB},
  journal={Iowa State},
  year={1988}
}

@book{white2007forest,
  title={Forest genetics},
  author={White, Timothy L and Adams, W Thomas and Neale, David B},
  year={2007},
  publisher={Cabi}
}

@article{sprague1942general,
  title={General vs. Specific Combining Ability in Single Crosses of Corn 1},
  author={Sprague, George F and Tatum, Loyd A},
  journal={Agronomy Journal},
  volume={34},
  number={10},
  pages={923--932},
  year={1942},
  publisher={American Society of Agronomy}
}

@article{strickberger1990genetics,
  title={Genetics. Macmillan Publishing Co},
  author={Strickberger, Monroe W},
  journal={New York, USA},
  volume={842},
  year={1990}
}

@book{brown2014plantbreeding,
  title={Plant Breeding},
  author={Brown, Jack and Caligari, Peter and Campos, Hugo},
  year={2014},
  publisher={Wiley Blackwell}
}

@book{acquaah2009principles,
  title={Principles of plant genetics and breeding},
  author={Acquaah, George},
  year={2009},
  publisher={John Wiley \& Sons}
}

@book{griffiths2015introduction,
  title={An introduction to genetic analysis},
  author={Griffiths, Anthony JF and Wessler, Susan R and Lewontin, Richard C and Gelbart, William M and Suzuki, David T and Miller, Jeffrey H and others},
  year={2015},
  publisher={W.H.Freeman}
}

@book{poehlman1987breeding,
  title={Breeding field crops},
  author={Poehlman, John M},
  year={1987},
  publisher={Springer Science \& Business Media}
}

@book{kingsbury2009hybrid,
  title={Hybrid: the history and science of plant breeding},
  author={Kingsbury, Noel},
  year={2009},
  publisher={University of Chicago Press}
}

@book{brown2014plant,
  title={Plant breeding},
  author={Brown, Jack Caligari, Peter and Campos, Hugo A.},
  year={2014},
  publisher={Wiley Blackwell}
}

@book{hayward2012plant,
  title={Plant breeding: principles and prospects},
  author={Hayward, Michael D and Bosemark, Nils Ol{\"o}f and Romagosa, T},
  year={2012},
  publisher={Springer Science \& Business Media}
}

@book{kingsbury2009hybrid,
  title={Hybrid: the history and science of plant breeding},
  author={Kingsbury, Noel},
  year={2009},
  publisher={University of Chicago Press}
}

@book{brown2014plant,
  title={Plant breeding},
  author={Brown, Jack Caligari, Peter and Campos, Hugo A.},
  year={2014},
  publisher={Wiley Blackwell}
}

@book{hayward2012plant,
  title={Plant breeding: principles and prospects},
  author={Hayward, Michael D and Bosemark, Nils Ol{\"o}f and Romagosa, T},
  year={2012},
  publisher={Springer Science \& Business Media}
}