@book{nair2008introduction,
  title={Introduction to biotechnology and genetic engineering},
  author={Nair, A Jayakumaran},
  year={2008},
  publisher={Laxmi Publications, Ltd.}
}

@article{stachel1986genetic,
  title={The genetic and transcriptional organization of the vir region of the A6 Ti plasmid of Agrobacterium tumefaciens.},
  author={Stachel, Scott E and Nester, Eugene W},
  journal={The EMBO Journal},
  volume={5},
  number={7},
  pages={1445--1454},
  year={1986},
  publisher={Wiley Online Library}
}

@book{rajasekaran2002crop,
  title={Crop biotechnology},
  author={Rajasekaran, Kanniah and Jacks, Thomas J and Finley, John W},
  year={2002},
  publisher={ACS Publications}
}

@book{clark2016biotechnology,
  title={Biotechnology},
  author={Clark, David P and Pazdernik, Nanette J},
  year={2016},
  publisher={Elsevier}
}

@book{nair2008introduction,
  title={Introduction to biotechnology and genetic engineering},
  author={Nair, A Jayakumaran},
  year={2008},
  publisher={Laxmi Publications, Ltd.}
}

@book{reece2014campbell,
  title={Campbell biology},
  author={Reece, Jane B and Urry, Lisa A and Cain, Michael Lee and Wasserman, Steven Alexander and Minorsky, Peter V and Jackson, Robert B and others},
  year={2014},
  publisher={Pearson Boston}
}

@book{urry2017campbell,
  title={Campbell biology},
  author={Urry, Lisa A and Cain, Michael Lee and Wasserman, Steven Alexander and Minorsky, Peter V and Reece, Jane B},
  year={2017},
  publisher={Pearson Education, Incorporated}
}

@book{kingsbury2009hybrid,
  title={Hybrid: the history and science of plant breeding},
  author={Kingsbury, Noel},
  year={2009},
  publisher={University of Chicago Press}
}

@book{brown2014plant,
  title={Plant breeding},
  author={Brown, Jack Caligari, Peter and Campos, Hugo A.},
  year={2014},
  publisher={Wiley Blackwell}
}

@book{hayward2012plant,
  title={Plant breeding: principles and prospects},
  author={Hayward, Michael D and Bosemark, Nils Ol{\"o}f and Romagosa, T},
  year={2012},
  publisher={Springer Science \& Business Media}
}

@article{rodrigues2011colchicine,
  title={Colchicine and amiprophos-methyl (APM) in polyploidy induction in banana plant},
  author={Rodrigues, Filipe Almendagna and Soares, Joyce D{\'o}ria Rodrigues and dos Santos, Roseneide Rocha and Pasqual, Moacir and e Silva, SdO},
  journal={African Journal of Biotechnology},
  volume={10},
  number={62},
  pages={13476--13481},
  year={2011},
  publisher={Academic Journals (Kenya)}
}

@article{germana2011gametic,
  title={Gametic embryogenesis and haploid technology as valuable support to plant breeding},
  author={Germana, Maria Antonietta},
  journal={Plant cell reports},
  volume={30},
  number={5},
  pages={839--857},
  year={2011},
  publisher={Springer}
}

@article{ake2007effect,
  title={The effect of gibberellic acid on the in vitro germination of coconut zygotic embryos and their conversion into plantlets},
  author={Ak{\'e}, A Pech and Maust, B and Orozco-Segovia, A and Oropeza, C},
  journal={In Vitro Cellular and Developmental Biology-Plant},
  volume={43},
  number={3},
  pages={247--254},
  year={2007},
  publisher={BioOne}
}

@article{sarasan2002vitro,
  title={In vitro germination and induction of direct somatic embryogenesis in'Bottle Palm'[Hyophorbe lagenicaulis (L. Bailey) HE Moore], a critically endangered Mauritian palm},
  author={Sarasan, V and Ramsay, M and Roberts, A},
  journal={Plant Cell Reports},
  volume={20},
  number={12},
  pages={1107--1111},
  year={2002},
  publisher={Springer}
}

@article{alves2011vitro,
  title={In vitro protocol optimization for development of interspecific hybrids of oil palm (Elaeis oleifera (HBK) Cort{\'e}s x Elaeis guineensis Jacq)},
  author={Alves, Sergio Augusto Oliveira and Lemos, OF and Santos Filho, BG and Da Silva, ALL},
  journal={J. Biotechnol. Biodivers},
  volume={29},
  pages={1--6},
  year={2011}
}

@article{geerts2008protoplast,
  title={Protoplast fusion technology for somatic hybridisation in Phaseolus},
  author={Geerts, Pascal and Druart, Philippe and Ochatt, Sergio and Baudoin, Jean-Pierre},
  journal={Biotechnologie, Agronomie, Soci{\'e}t{\'e} et Environnement},
  volume={12},
  number={1},
  pages={41--46},
  year={2008}
}

@article{pereira2003somatic,
  title={Somatic hybridisation for improvement of citrus rootstock: production of five new combinations with potential for improved disease resistance},
  author={Pereira de Carvalho Costa, MA and Mendes, BMJ and Mour{\~a}o Filho, FAA},
  journal={Australian Journal of Experimental Agriculture},
  volume={43},
  number={9},
  pages={1151--1156},
  year={2003},
  publisher={CSIRO Publishing}
}

@incollection{singh2013impacts,
  title={Impacts of changing climate and climate variability on seed production and seed industry},
  author={Singh, Rishi P and Prasad, PV Vara and Reddy, K Raja},
  booktitle={Advances in Agronomy},
  volume={118},
  pages={49--110},
  year={2013},
  publisher={Elsevier}
}

@book{biber2006rights,
  title={Rights to plant genetic resources and traditional knowledge: basic issues and perspectives},
  author={Biber-Klemm, Susette and Cottier, Thomas and others},
  year={2006},
  publisher={CABI}
}

@article{jones1997reproducibility,
  title={Reproducibility testing of RAPD, AFLP and SSR markers in plants by a network of European laboratories},
  author={Jones, CJ and Edwards, KJ and Castaglione, S and Winfield, MO and Sala, F and Van de Wiel, C and Bredemeijer, G and Vosman, B and Matthes, M and Daly, A and others},
  journal={Molecular breeding},
  volume={3},
  number={5},
  pages={381--390},
  year={1997},
  publisher={Springer}
}

@article{sumathi2020introgression,
  title={Introgression of QTLs determining sorghum downy mildew (SDM) resistance into elite maize line UMI 79 through marker-assisted backcross breeding (MABC)},
  author={Sumathi, K and Ganesan, KN and Aarthi, P and Sruthymenon, V and Devasree, S and Karthikeyan, A and Paranidharan, V and Senthil, N},
  journal={Australasian Plant Pathology},
  volume={49},
  number={2},
  pages={159--165},
  year={2020},
  publisher={Springer}
}

@article{garris2005genetic,
  title={Genetic structure and diversity in Oryza sativa L.},
  author={Garris, Amanda J and Tai, Thomas H and Coburn, Jason and Kresovich, Steve and McCouch, Susan},
  journal={Genetics},
  volume={169},
  number={3},
  pages={1631--1638},
  year={2005},
  publisher={Oxford University Press}
}

@article{dwivedi2001assessment,
  title={Assessment of genetic diversity among selected groundnut germplasm. I: RAPD analysis},
  author={Dwivedi, SL and Gurtu, S and Chandra, S and Yuejin, W and Nigam, SN},
  journal={Plant Breeding},
  volume={120},
  number={4},
  pages={345--349},
  year={2001},
  publisher={Wiley Online Library}
}

@article{denwar2019genetic,
  title={Genetic diversity, population structure and key phenotypic traits driving variation within soyabean (Glycine max) collection in Ghana},
  author={Denwar, Nicholas Ninju and Awuku, Frederick J and Diers, Brian and Addae-Frimpomaah, Francisca and Chigeza, Godfree and Oteng-Frimpong, Richard and Puozaa, Doris K and Barnor, Michael T},
  journal={Plant Breeding},
  volume={138},
  number={5},
  pages={577--587},
  year={2019},
  publisher={Wiley Online Library}
}

@article{kalendar2021retrotransposable,
  title={Retrotransposable elements: DNA fingerprinting and the assessment of genetic diversity},
  author={Kalendar, Ruslan and Muterko, Alexander and Boronnikova, Svetlana},
  journal={Molecular Plant Taxonomy: Methods and Protocols},
  pages={263--286},
  year={2021},
  publisher={Springer}
}

@article{broughton2014vitro,
  title={In vitro culture for doubled haploids: tools for molecular breeding},
  author={Broughton, Sue and Sidhu, Parminder K and Davies, Philip A},
  journal={Crop breeding: Methods and protocols},
  pages={167--189},
  year={2014},
  publisher={Springer}
}

@article{ismagul2014agrobacterium,
  title={Agrobacterium-mediated transformation of barley (Hordeum vulgare L.)},
  author={Ismagul, Ainur and Mazonka, Iryna and Callegari, Corinne and Eliby, Serik},
  journal={Crop Breeding: Methods and Protocols},
  pages={203--211},
  year={2014},
  publisher={Springer}
}

@book{bhojwani1986plant,
  title={Plant tissue culture: theory and practice},
  author={Bhojwani, Sant Saran and Razdan, Maharaj K},
  year={1986},
  publisher={Elsevier}
}

@book{bhojwani2013plant,
  title={Plant tissue culture: an introductory text},
  author={Bhojwani, Sant Saran and Dantu, Prem Kumar},
  volume={318},
  year={2013},
  publisher={Springer}
}