@article{burton1979handling,
  title={Handling Cross-pollinated Germplasm Efficiently 1},
  author={Burton, Glenn W},
  journal={Crop Science},
  volume={19},
  number={5},
  pages={685--690},
  year={1979},
  publisher={Wiley Online Library}
}

@incollection{posselt2010breeding,
  title={Breeding methods in cross-pollinated species},
  author={Posselt, Ulrich K},
  booktitle={Fodder crops and amenity grasses},
  pages={39--87},
  year={2010},
  publisher={Springer}
}

@article{schnell1982synoptic,
  title={A synoptic study of the methods and categories of plant breeding},
  author={Schnell, FW},
  year={1982}
}

@book{boller2010fodder,
  title={Fodder crops and amenity grasses},
  author={Boller, Beat and Posselt, Ulrich K and Veronesi, Fabio and Boller, B and Posselt, UK and Veronesi, F},
  year={2010},
  publisher={Springer}
}
