@book{khare2015beautiful,
  title={Beautiful, Simple, Exact, Crazy},
  author={Khare, Apoorva and Lachowska, Anna},
  booktitle={Beautiful, Simple, Exact, Crazy},
  year={2015},
  publisher={Yale University Press}
}

@book{angel2017survey,
  title={A survey of mathematics with applications},
  author={Angel, Allen R and Porter, Stuart R},
  year={2017},
  publisher={Pearson Addison Wesley}
}

@book{mills2014problems,
  title={Problems in Probability},
  author={Mills, TM},
  volume={13},
  year={2014},
  publisher={World Scientific}
}